@article{ANTE2021101519,
   author={Lennart Ante},
   title={Smart contracts on the blockchain – A bibliometric analysis and review},
   journal={Telematics and Informatics},
   volume={57},
   year=2021,
   pages={101519}
}
@misc{beniiche2020study,
      title={A Study of Blockchain Oracles}, 
      author={Abdeljalil Beniiche},
      year={2020},
      eprint={2004.07140},
      archivePrefix={arXiv},
      primaryClass={cs.CR}
}
@inproceedings{Mhlberger2020FoundationalOP,
  title={Foundational Oracle Patterns: Connecting Blockchain to the Off-chain World},
  author={Roman M{\"u}hlberger and Stefan Bachhofner and E. Ferrer and Claudio Di Ciccio and Ingo Weber and Maximilian W{\"o}hrer and U. Zdun},
  booktitle={BPM},
  year={2020}
}
@inproceedings{Egberts2017TheOP,
  title={The Oracle Problem - An Analysis of how Blockchain Oracles Undermine the Advantages of Decentralized Ledger Systems},
  author={Alexander Egberts},
  year={2017}
}
@article{AlBreiki2020TrustworthyBO,
  title={Trustworthy Blockchain Oracles: Review, Comparison, and Open Research Challenges},
  author={Hamda Al-Breiki and M. H. U. Rehman and K. Salah and D. Svetinovic},
  journal={IEEE Access},
  year={2020},
  volume={8},
  pages={85675-85685}
}
@article{Adler2018AstraeaAD,
  title={Astraea: A Decentralized Blockchain Oracle},
  author={J. Adler and Ryan Berryhill and A. Veneris and Zissis Poulos and Neil Veira and A. Kastania},
  journal={2018 IEEE International Conference on Internet of Things (iThings) and IEEE Green Computing and Communications (GreenCom) and IEEE Cyber, Physical and Social Computing (CPSCom) and IEEE Smart Data (SmartData)},
  year={2018},
  pages={1145-1152}
}
@misc{tolmach2020survey,
      title={A Survey of Smart Contract Formal Specification and Verification}, 
      author={Palina Tolmach and Yi Li and Shang-Wei Lin and Yang Liu and Zengxiang Li},
      year={2020},
      eprint={2008.02712},
      archivePrefix={arXiv},
      primaryClass={cs.SE}
}
@misc{cook2019readuncommitted,
      title={Read-Uncommitted Transactions for Smart Contract Performance}, 
      author={Victor Cook and Zachary Painter and Christina Peterson and Damian Dechev},
      year={2019},
      eprint={1905.12351},
      archivePrefix={arXiv},
      primaryClass={cs.DC}
}
@inbook{inbook,
author = {Mammadzada, Kamran and Iqbal, Mubashar and Milani, Fredrik and García-Bañuelos, Luciano and Matulevičius, Raimundas},
year = {2020},
month = {09},
pages = {19-34},
title = {Blockchain Oracles: A Framework for Blockchain-Based Applications},
isbn = {978-3-030-58778-9},
doi = {10.1007/978-3-030-58779-6_2}
}
@article{article,
author = {Hu, Yao-Chieh and Lee, Ting‐Ting and Chatzopoulos, Dimitris and Hui, Pan},
year = {2019},
month = {03},
pages = {e5228},
title = {Analyzing smart contract interactions and contract level state consensus},
volume = {32},
journal = {Concurrency and Computation: Practice and Experience},
doi = {10.1002/cpe.5228}
}
@INPROCEEDINGS{tezos-intropaper,  
author={V. {Allombert} and M. {Bourgoin} and J. {Tesson}},  
booktitle={2019 International Conference on High Performance Computing   Simulation (HPCS)},
title={Introduction to the {Tezos} Blockchain},
year={2019},  
volume={},  
number={},  
pages={1-10},  
doi={10.1109/HPCS48598.2019.9188227}
}

@misc{tezos-whitepaper,
author = {L. Goodman},
title = {Tezos-a self-amending crypto-ledger},
year = {2014},
url = {https://www.tezos.com/static/papers/white-paper.pdf},
}
@misc{bitcoin-whitepaper,
author = {Satoshi Nakamoto},
title = {Bitcoin: A Peer-to-Peer Electronic Cash System},
year = {2008},
url = {https://www.tezos.com/static/papers/white-paper.pdf},
}
@misc{eth-whitepaper,
author = {Vitalik Buterin},
title = {A Next-Generation Smart Contract and Decentralized Application Platform},
year = {2013},
url = {https://ethereum.org/en/whitepaper/},
}
@Manual{eth-whitepaper1,
title = {A Next-Generation Smart Contract and Decentralized Application Platform},
OPTauthor = {Vitalik Buterin},
OPTaddress = {https://ethereum.org/en/whitepaper/},
OPTyear = {2013},
}


