@inproceedings{DBLP:conf/fm/BernardoCHPT19,
  author    = {Bruno Bernardo and
               Rapha{\"{e}}l Cauderlier and
               Zhenlei Hu and
               Basile Pesin and
               Julien Tesson},
  title     = {{Mi-Cho-Coq}, a Framework for Certifying {Tezos} Smart Contracts},
  booktitle = {Formal Methods. {FM} 2019 International Workshops, Revised Selected Papers, Part {I}},
  location  = {Porto, Portugal},
  series    = {Lecture Notes in Computer Science},
  volume    = {12232},
  pages     = {368--379},
  publisher = {Springer},
  year      = {2019},
  url       = {https://doi.org/10.1007/978-3-030-54994-7\_28},
  doi       = {10.1007/978-3-030-54994-7\_28},
  timestamp = {Mon, 17 Aug 2020 17:09:20 +0200},
  biburl    = {https://dblp.org/rec/conf/fm/BernardoCHPT19.bib},
  bibsource = {dblp computer science bibliography, https://dblp.org}
}
@INPROCEEDINGS{tezos-intropaper,  
author={V. {Allombert} and M. {Bourgoin} and J. {Tesson}},  
booktitle={2019 International Conference on High Performance Computing   Simulation (HPCS)},
title={Introduction to the {Tezos} Blockchain},
year={2019},  
volume={},  
number={},  
pages={1-10},  
doi={10.1109/HPCS48598.2019.9188227}
}
@misc{tezos-whitepaper,
author = {L. Goodman},
title = {Tezos-a self-amending crypto-ledger},
year = {2014},
url = {https://www.tezos.com/static/papers/white-paper.pdf},
}
@misc{michelson,
key= {Michelson},
title = {Michelson: the language of Smart Contracts in Tezos},
url = {https://tezos.gitlab.io/alpha/michelson.html},
}
@misc{bitcoin-whitepaper,
author = {Satoshi Nakamoto},
title = {Bitcoin: A Peer-to-Peer Electronic Cash System},
year = {2008},
url = {https://www.tezos.com/static/papers/white-paper.pdf},
}
@misc{eth-whitepaper,
author = {Vitalik Buterin},
title = {A Next-Generation Smart Contract and Decentralized Application Platform},
year = {2013},
url = {https://ethereum.org/en/whitepaper/},
}
@Article{call-action-oracle,
AUTHOR = {Caldarelli, Giulio},
TITLE = {Understanding the Blockchain Oracle Problem: A Call for Action},
JOURNAL = {Information},
VOLUME = {11},
YEAR = {2020},
NUMBER = {11},
ARTICLE-NUMBER = {509},
}
@article{oracle-patterns,
   title={Foundational Oracle Patterns: Connecting Blockchain to the Off-Chain World},
   ISBN={9783030587796},
   ISSN={1865-1356},
   journal={Business Process Management: Blockchain and Robotic Process Automation Forum},
   publisher={Springer International Publishing},
   author={Mühlberger, Roman and Bachhofner, Stefan and Castelló Ferrer, Eduardo and Di Ciccio, Claudio and Weber, Ingo and Wöhrer, Maximilian and Zdun, Uwe},
   year={2020},
   pages={35–51}
}
@misc{oracles-study,
      title={A Study of Blockchain Oracles}, 
      author={Abdeljalil Beniiche},
      year={2020},
      eprint={2004.07140},
      archivePrefix={arXiv},
      primaryClass={cs.CR}
}
@inbook{blockchain-oracles,
author = {Mammadzada, Kamran and Iqbal, Mubashar and Milani, Fredrik and García-Bañuelos, Luciano and Matulevičius, Raimundas},
year = {2020},
month = {09},
pages = {19-34},
title = {Blockchain Oracles: A Framework for Blockchain-Based Applications},
publisher = {Springer Verlag}
}
@article{astraea,
  title={Astraea: A Decentralized Blockchain Oracle},
  author={J. Adler and Ryan Berryhill and A. Veneris and Zissis Poulos and Neil Veira and A. Kastania},
  journal={2018 IEEE International Conference on Internet of Things (iThings) and IEEE Green Computing and Communications (GreenCom) and IEEE Cyber, Physical and Social Computing (CPSCom) and IEEE Smart Data (SmartData)},
  year={2018},
  pages={1145-1152}
}
@misc{chainlink-whitepaper,
author = {Steve Ellis and Ari Juels and Sergey Nazarov},
title = {ChainLink: A Decentralized Oracle Network},
year = {2017},
url = {https://link.smartcontract.com/whitepaper},
}
@misc{truthcoin-whitepaper,
author = {Paul Sztorc},
title = {Truthcoin: Peer-to-Peer Oracle System and Prediction Marketplace},
year = {2015},
url = {https://www.truthcoin.info/papers/truthcoin-whitepaper.pdf},
}
@inproceedings{town-crier,
author = {Zhang, Fan and Cecchetti, Ethan and Croman, Kyle and Juels, Ari and Shi, Elaine},
title = {Town Crier: An Authenticated Data Feed for Smart Contracts},
year = {2016},
isbn = {9781450341394},
publisher = {Association for Computing Machinery},
address = {New York, NY, USA},
booktitle = {Proceedings of the 2016 ACM SIGSAC Conference on Computer and Communications Security},
pages = {270–282},
numpages = {13},
location = {Vienna, Austria},
series = {CCS '16}
}
@InProceedings{oracle-real-value,
  author =	{William George and Cl{\'e}ment Lesaege},
  title =	{{A Smart Contract Oracle for Approximating Real-World, Real Number Values}},
  booktitle =	{International Conference on Blockchain Economics, Security and Protocols (Tokenomics 2019)},
  pages =	{6:1--6:15},
  series =	{OpenAccess Series in Informatics (OASIcs)},
  ISBN =	{978-3-95977-108-5},
  ISSN =	{2190-6807},
  year =	{2020},
  volume =	{71},
  editor =	{Vincent Danos and Maurice Herlihy and Maria Potop-Butucaru and Julien Prat and Sara Tucci-Piergiovanni},
  publisher =	{Schloss Dagstuhl--Leibniz-Zentrum fuer Informatik},
  address =	{Dagstuhl, Germany} 
}
@article{trustworthy,
  title={Trustworthy Blockchain Oracles: Review, Comparison, and Open Research Challenges},
  author={Hamda Al-Breiki and M. H. U. Rehman and K. Salah and D. Svetinovic},
  journal={IEEE Access},
  year={2020},
  volume={8},
  pages={85675-85685}
}
@article{reliablity-oracles,
title = {Reliability analysis for blockchain oracles},
journal = {Computers {\&} Electrical Engineering},
volume = {83},
pages = {106582},
year = {2020},
issn = {0045-7906},
author = {Sin Kuang Lo and Xiwei Xu and Mark Staples and Lina Yao}
}
@INPROCEEDINGS{reliable-oracle,
  author={L. {Ma} and K. {Kaneko} and S. {Sharma} and K. {Sakurai}},
  booktitle={2019 Seventh International Symposium on Computing and Networking Workshops (CANDARW)}, 
  title={Reliable Decentralized Oracle with Mechanisms for Verification and Disputation}, 
  year={2019},
  volume={},
  number={},
  pages={346-352},
 }
@misc{interact-coq,
      title={Smart Contract Interactions in Coq}, 
      author={Jakob Botsch Nielsen and Bas Spitters},
      year={2019},
      eprint={1911.04732},
      archivePrefix={arXiv},
      primaryClass={cs.LO}
}
@article{ANTE2021101519,
title = {Smart contracts on the blockchain – A bibliometric analysis and review},
journal = {Telematics and Informatics},
volume = {57},
pages = {101519},
year = {2021},
issn = {0736-5853},
author = {Lennart Ante}
}
@inproceedings{Egberts2017TheOP,
  title={The Oracle Problem - An Analysis of how Blockchain Oracles Undermine the Advantages of Decentralized Ledger Systems},
  author={Alexander Egberts},
  year={2017}
}
@article{smartcontract-interact,
author = {Hu, Yao-Chieh and Lee, Ting‐Ting and Chatzopoulos, Dimitris and Hui, Pan},
year = {2019},
month = {03},
pages = {e5228},
title = {Analyzing smart contract interactions and contract level state consensus},
volume = {32},
journal = {Concurrency and Computation: Practice and Experience},
}
@misc{survey,
      title={A Survey of Smart Contract Formal Specification and Verification}, 
      author={Palina Tolmach and Yi Li and Shang-Wei Lin and Yang Liu and Zengxiang Li},
      year={2020},
      eprint={2008.02712},
      archivePrefix={arXiv},
      primaryClass={cs.SE}
}
@misc{readuncommitted,
      title={Read-Uncommitted Transactions for Smart Contract Performance}, 
      author={Victor Cook and Zachary Painter and Christina Peterson and Damian Dechev},
      year={2019},
      eprint={1905.12351},
      archivePrefix={arXiv},
      primaryClass={cs.DC}
}
@misc{web3.js,
author = {Fabian Vogelsteller and Marek Kotewicz and Jeffrey Wilcke and Marian Oance},
title = {web3.js - Ethereum JavaScript API},
year = {},
url = {https://web3js.readthedocs.io/en/v1.3.4/},
}
@misc{web3.py,
author = {Fabian Vogelsteller and Marek Kotewicz and Jeffrey Wilcke and Marian Oance},
title = {Python Library for Interacting with Ethereum},
year = {},
url = {https://web3js.readthedocs.io/en/v1.3.4/},
}
@article{LIU2019590,
title = {Elastic and cost-effective data carrier architecture for smart contract in blockchain},
journal = {Future Generation Computer Systems},
volume = {100},
pages = {590-599},
year = {2019},
issn = {0167-739X},
doi = {},
url = {},
author = {Xiaolong Liu and Khan Muhammad and Jaime Lloret and Yu-Wen Chen and Shyan-Ming Yuan},
keywords = {},
abstract = {}
}

@inproceedings{Leavens2006DesignBC,
  title={Design by Contract with JML},
  author={G. Leavens and Yoonsik Cheon},
  year={2006}
}

@inproceedings{101007,
author = {Chalin, Patrice and Kiniry, Joseph R. and Leavens, Gary T. and Poll, Erik},
title = {Beyond Assertions: Advanced Specification and Verification with JML and ESC/Java2},
year = {2005},
isbn = {3540367497},
publisher = {Springer-Verlag},
address = {Berlin, Heidelberg},
url = {},
doi = {},
abstract = {},
booktitle = {Proceedings of the 4th International Conference on Formal Methods for Components and Objects},
pages = {342–363},
numpages = {22},
location = {Amsterdam, The Netherlands},
series = {FMCO'05}
}

@article{101145,
author = {Hoare, C. A. R.},
title = {An Axiomatic Basis for Computer Programming},
year = {1969},
issue_date = {Oct. 1969},
publisher = {Association for Computing Machinery},
address = {New York, NY, USA},
volume = {12},
number = {10},
issn = {0001-0782},
url = {},
doi = {},
abstract = {},
journal = {Commun. ACM},
month = oct,
pages = {576–580},
numpages = {5},
keywords = {}
}

@book{keY,
author = {Ahrendt, Wolfgang and Beckert, Bernhard and Bubel, Richard and Hähnle, Reiner and Schmitt, Peter and Ulbrich, Mattias},
year = {2016},
month = {01},
pages = {},
title = {Deductive Software Verification – The KeY Book: From Theory to Practice},
volume = {10001},
isbn = {978-3-319-49811-9},
doi = {10.1007/978-3-319-49812-6}
}

@article{Tran2017, 
title={Automated translation of VDM-SL to JML-annotated Java}, 
volume={5}, 
url={}, 
abstractNote={}, 
number={29}, 
journal={Technical Report Electronics and Computer Engineering}, 
author={W. V. Tran-Jørgensen, Peter}, year={2017}, 
month={Mar} 
}
@article{Hentschel,
author = {Hentschel, Martin and Bubel, Richard and Hähnle, Reiner},
year = {2019},
month = {10},
pages = {},
title = {The Symbolic Execution Debugger (SED): a platform for interactive symbolic execution, debugging, verification and more},
volume = {21},
journal = {International Journal on Software Tools for Technology Transfer},
doi = {}
}